@ARTICLE{1970ApJ...159..379R,
       author = {{Rubin}, Vera C. and {Ford}, W. Kent, Jr.},
        title = "{Rotation of the Andromeda Nebula from a Spectroscopic Survey of Emission Regions}",
      journal = {\apj},
         year = 1970,
        month = feb,
       volume = {159},
        pages = {379},
          doi = {10.1086/150317},
       adsurl = {https://ui.adsabs.harvard.edu/abs/1970ApJ...159..379R},
      adsnote = {Provided by the SAO/NASA Astrophysics Data System}
}

@ARTICLE{1933AcHPh...6..110Z,
       author = {{Zwicky}, F.},
        title = "{Die Rotverschiebung von extragalaktischen Nebeln}",
      journal = {Helvetica Physica Acta},
         year = 1933,
        month = jan,
       volume = {6},
        pages = {110-127},
       adsurl = {https://ui.adsabs.harvard.edu/abs/1933AcHPh...6..110Z},
      adsnote = {Provided by the SAO/NASA Astrophysics Data System}
}

@ARTICLE{1991MNRAS.249..523B,
       author = {{Begeman}, K.~G. and {Broeils}, A.~H. and {Sanders}, R.~H.},
        title = "{Extended rotation curves of spiral galaxies : dark haloes and modified dynamics.}",
      journal = {\mnras},
     keywords = {Galactic Mass, Galactic Rotation, Mass To Light Ratios, Spiral Galaxies, Dwarf Galaxies, Galactic Structure, Halos, Astrophysics},
         year = 1991,
        month = apr,
       volume = {249},
        pages = {523},
          doi = {10.1093/mnras/249.3.523},
       adsurl = {https://ui.adsabs.harvard.edu/abs/1991MNRAS.249..523B},
      adsnote = {Provided by the SAO/NASA Astrophysics Data System}
}

@INPROCEEDINGS{2009EAS....36..113F,
       author = {{Freese}, K.},
        title = "{Review of Observational Evidence for Dark Matter in the Universe and in upcoming searches for Dark Stars}",
     keywords = {Astrophysics, High Energy Physics - Phenomenology},
    booktitle = {EAS Publications Series},
         year = 2009,
       editor = {{P{\'e}contal}, E. and {Buchert}, T. and {di Stefano}, Ph. and {Copin}, Y.},
       series = {EAS Publications Series},
       volume = {36},
        month = jan,
        pages = {113-126},
          doi = {10.1051/eas/0936016},
archivePrefix = {arXiv},
       eprint = {0812.4005},
 primaryClass = {astro-ph},
       adsurl = {https://ui.adsabs.harvard.edu/abs/2009EAS....36..113F},
      adsnote = {Provided by the SAO/NASA Astrophysics Data System}
}

@BOOK{2003moco.book.....D,
       author = {{Dodelson}, Scott},
        title = "{Modern cosmology}",
         year = 2003,
       adsurl = {https://ui.adsabs.harvard.edu/abs/2003moco.book.....D},
      adsnote = {Provided by the SAO/NASA Astrophysics Data System}
}

@ARTICLE{2002ARA&A..40..171H,
       author = {{Hu}, Wayne and {Dodelson}, Scott},
        title = "{Cosmic Microwave Background Anisotropies}",
      journal = {\araa},
     keywords = {background radiation, cosmology, theory, dark matter, early universe, Astrophysics},
         year = 2002,
        month = jan,
       volume = {40},
        pages = {171-216},
          doi = {10.1146/annurev.astro.40.060401.093926},
archivePrefix = {arXiv},
       eprint = {astro-ph/0110414},
 primaryClass = {astro-ph},
       adsurl = {https://ui.adsabs.harvard.edu/abs/2002ARA&A..40..171H},
      adsnote = {Provided by the SAO/NASA Astrophysics Data System}
}

@ARTICLE{2020A&A...641A...6P,
       author = {{Planck Collaboration} and {Aghanim}, N. and {Akrami}, Y. and {Ashdown}, M. and {Aumont}, J. and {Baccigalupi}, C. and {Ballardini}, M. and {Banday}, A.~J. and {Barreiro}, R.~B. and {Bartolo}, N. and {Basak}, S. and {Battye}, R. and {Benabed}, K. and {Bernard}, J. -P. and {Bersanelli}, M. and {Bielewicz}, P. and {Bock}, J.~J. and {Bond}, J.~R. and {Borrill}, J. and {Bouchet}, F.~R. and {Boulanger}, F. and {Bucher}, M. and {Burigana}, C. and {Butler}, R.~C. and {Calabrese}, E. and {Cardoso}, J. -F. and {Carron}, J. and {Challinor}, A. and {Chiang}, H.~C. and {Chluba}, J. and {Colombo}, L.~P.~L. and {Combet}, C. and {Contreras}, D. and {Crill}, B.~P. and {Cuttaia}, F. and {de Bernardis}, P. and {de Zotti}, G. and {Delabrouille}, J. and {Delouis}, J. -M. and {Di Valentino}, E. and {Diego}, J.~M. and {Dor{\'e}}, O. and {Douspis}, M. and {Ducout}, A. and {Dupac}, X. and {Dusini}, S. and {Efstathiou}, G. and {Elsner}, F. and {En{\ss}lin}, T.~A. and {Eriksen}, H.~K. and {Fantaye}, Y. and {Farhang}, M. and {Fergusson}, J. and {Fernandez-Cobos}, R. and {Finelli}, F. and {Forastieri}, F. and {Frailis}, M. and {Fraisse}, A.~A. and {Franceschi}, E. and {Frolov}, A. and {Galeotta}, S. and {Galli}, S. and {Ganga}, K. and {G{\'e}nova-Santos}, R.~T. and {Gerbino}, M. and {Ghosh}, T. and {Gonz{\'a}lez-Nuevo}, J. and {G{\'o}rski}, K.~M. and {Gratton}, S. and {Gruppuso}, A. and {Gudmundsson}, J.~E. and {Hamann}, J. and {Handley}, W. and {Hansen}, F.~K. and {Herranz}, D. and {Hildebrandt}, S.~R. and {Hivon}, E. and {Huang}, Z. and {Jaffe}, A.~H. and {Jones}, W.~C. and {Karakci}, A. and {Keih{\"a}nen}, E. and {Keskitalo}, R. and {Kiiveri}, K. and {Kim}, J. and {Kisner}, T.~S. and {Knox}, L. and {Krachmalnicoff}, N. and {Kunz}, M. and {Kurki-Suonio}, H. and {Lagache}, G. and {Lamarre}, J. -M. and {Lasenby}, A. and {Lattanzi}, M. and {Lawrence}, C.~R. and {Le Jeune}, M. and {Lemos}, P. and {Lesgourgues}, J. and {Levrier}, F. and {Lewis}, A. and {Liguori}, M. and {Lilje}, P.~B. and {Lilley}, M. and {Lindholm}, V. and {L{\'o}pez-Caniego}, M. and {Lubin}, P.~M. and {Ma}, Y. -Z. and {Mac{\'\i}as-P{\'e}rez}, J.~F. and {Maggio}, G. and {Maino}, D. and {Mandolesi}, N. and {Mangilli}, A. and {Marcos-Caballero}, A. and {Maris}, M. and {Martin}, P.~G. and {Martinelli}, M. and {Mart{\'\i}nez-Gonz{\'a}lez}, E. and {Matarrese}, S. and {Mauri}, N. and {McEwen}, J.~D. and {Meinhold}, P.~R. and {Melchiorri}, A. and {Mennella}, A. and {Migliaccio}, M. and {Millea}, M. and {Mitra}, S. and {Miville-Desch{\^e}nes}, M. -A. and {Molinari}, D. and {Montier}, L. and {Morgante}, G. and {Moss}, A. and {Natoli}, P. and {N{\o}rgaard-Nielsen}, H.~U. and {Pagano}, L. and {Paoletti}, D. and {Partridge}, B. and {Patanchon}, G. and {Peiris}, H.~V. and {Perrotta}, F. and {Pettorino}, V. and {Piacentini}, F. and {Polastri}, L. and {Polenta}, G. and {Puget}, J. -L. and {Rachen}, J.~P. and {Reinecke}, M. and {Remazeilles}, M. and {Renzi}, A. and {Rocha}, G. and {Rosset}, C. and {Roudier}, G. and {Rubi{\~n}o-Mart{\'\i}n}, J.~A. and {Ruiz-Granados}, B. and {Salvati}, L. and {Sandri}, M. and {Savelainen}, M. and {Scott}, D. and {Shellard}, E.~P.~S. and {Sirignano}, C. and {Sirri}, G. and {Spencer}, L.~D. and {Sunyaev}, R. and {Suur-Uski}, A. -S. and {Tauber}, J.~A. and {Tavagnacco}, D. and {Tenti}, M. and {Toffolatti}, L. and {Tomasi}, M. and {Trombetti}, T. and {Valenziano}, L. and {Valiviita}, J. and {Van Tent}, B. and {Vibert}, L. and {Vielva}, P. and {Villa}, F. and {Vittorio}, N. and {Wandelt}, B.~D. and {Wehus}, I.~K. and {White}, M. and {White}, S.~D.~M. and {Zacchei}, A. and {Zonca}, A.},
        title = "{Planck 2018 results. VI. Cosmological parameters}",
      journal = {\aap},
     keywords = {cosmic background radiation, cosmological parameters, Astrophysics - Cosmology and Nongalactic Astrophysics},
         year = 2020,
        month = sep,
       volume = {641},
          eid = {A6},
        pages = {A6},
          doi = {10.1051/0004-6361/201833910},
archivePrefix = {arXiv},
       eprint = {1807.06209},
 primaryClass = {astro-ph.CO},
       adsurl = {https://ui.adsabs.harvard.edu/abs/2020A&A...641A...6P},
      adsnote = {Provided by the SAO/NASA Astrophysics Data System}
}

@ARTICLE{2009arXiv0901.4090H,
       author = {{Hooper}, Dan},
        title = "{TASI 2008 Lectures on Dark Matter}",
      journal = {arXiv e-prints},
     keywords = {High Energy Physics - Phenomenology},
         year = 2009,
        month = jan,
          eid = {arXiv:0901.4090},
        pages = {arXiv:0901.4090},
archivePrefix = {arXiv},
       eprint = {0901.4090},
 primaryClass = {hep-ph},
       adsurl = {https://ui.adsabs.harvard.edu/abs/2009arXiv0901.4090H},
      adsnote = {Provided by the SAO/NASA Astrophysics Data System}
}



@ARTICLE{1998ApJ...492..495F,
       author = {{Freudenreich}, H.~T.},
        title = "{A COBE Model of the Galactic Bar and Disk}",
      journal = {\apj},
     keywords = {COSMOLOGY: DIFFUSE RADIATION, GALAXY: FUNDAMENTAL PARAMETERS, GALAXIES: PHOTOMETRY, GALAXY: STRUCTURE, INFRARED: GALAXIES, Cosmology: Diffuse Radiation, Galaxies: Photometry, Galaxy: Fundamental Parameters, Galaxy: Structure, Infrared: Galaxies, Astrophysics},
         year = 1998,
        month = jan,
       volume = {492},
       number = {2},
        pages = {495-510},
          doi = {10.1086/305065},
archivePrefix = {arXiv},
       eprint = {astro-ph/9707340},
 primaryClass = {astro-ph},
       adsurl = {https://ui.adsabs.harvard.edu/abs/1998ApJ...492..495F},
      adsnote = {Provided by the SAO/NASA Astrophysics Data System}
}

@ARTICLE{2002A&A...384..112L,
       author = {{Launhardt}, R. and {Zylka}, R. and {Mezger}, P.~G.},
        title = "{The nuclear bulge of the Galaxy. III. Large-scale physical characteristics of stars and interstellar matter}",
      journal = {\aap},
     keywords = {DUST, EXTINCTION, ISM: STRUCTURE, GALAXY: CENTRE, GALAXY: STRUCTURE, INFRARED: ISM, Astrophysics},
         year = 2002,
        month = mar,
       volume = {384},
        pages = {112-139},
          doi = {10.1051/0004-6361:20020017},
archivePrefix = {arXiv},
       eprint = {astro-ph/0201294},
 primaryClass = {astro-ph},
       adsurl = {https://ui.adsabs.harvard.edu/abs/2002A&A...384..112L},
      adsnote = {Provided by the SAO/NASA Astrophysics Data System}
}

@ARTICLE{2013ApJ...769L..28N,
       author = {{Nishiyama}, Shogo and {Yasui}, Kazuki and {Nagata}, Tetsuya and {Yoshikawa}, Tatsuhito and {Uchiyama}, Hideki and {Sch{\"o}del}, Rainer and {Hatano}, Hirofumi and {Sato}, Shuji and {Sugitani}, Koji and {Suenaga}, Takuya and {Kwon}, Jungmi and {Tamura}, Motohide},
        title = "{Magnetically Confined Interstellar Hot Plasma in the Nuclear Bulge of Our Galaxy}",
      journal = {\apjl},
     keywords = {Galaxy: center, ISM: magnetic fields, polarization, X-rays: ISM, Astrophysics - Astrophysics of Galaxies, Astrophysics - High Energy Astrophysical Phenomena},
         year = 2013,
        month = jun,
       volume = {769},
       number = {2},
          eid = {L28},
        pages = {L28},
          doi = {10.1088/2041-8205/769/2/L28},
archivePrefix = {arXiv},
       eprint = {1305.0347},
 primaryClass = {astro-ph.GA},
       adsurl = {https://ui.adsabs.harvard.edu/abs/2013ApJ...769L..28N},
      adsnote = {Provided by the SAO/NASA Astrophysics Data System}
}

@ARTICLE{2016AJ....152...14N,
       author = {{Ness}, Melissa and {Lang}, Dustin},
        title = "{The X-shaped Bulge of the Milky Way Revealed by WISE}",
      journal = {\aj},
     keywords = {Galaxy: bulge, Galaxy: structure, surveys, Astrophysics - Astrophysics of Galaxies},
         year = 2016,
        month = jul,
       volume = {152},
       number = {1},
          eid = {14},
        pages = {14},
          doi = {10.3847/0004-6256/152/1/14},
archivePrefix = {arXiv},
       eprint = {1603.00026},
 primaryClass = {astro-ph.GA},
       adsurl = {https://ui.adsabs.harvard.edu/abs/2016AJ....152...14N},
      adsnote = {Provided by the SAO/NASA Astrophysics Data System}
}



